- alles außerhalb der geschweiften Klammern sind Kommentare
- in fast lässt wissenschaftlichen Suchmaschinen lassen sich diese bibtex-Blöcke generieren. Die Informationen zur zweiten Quellen wurden beispielsweise von dl.acm.org generiert
- nützliche links:
    https://www.bibtex.com/e/entry-types/
    https://www.economics.utoronto.ca/osborne/latex/BIBTEX.HTM
- Die Einträge hier sollen als Beispieleinträge dienen

@techreport{keele2007guidelines,
  title={Guidelines for performing systematic literature reviews in software engineering},
  author={Keele, Staffs and others},
  year={2007},
  institution={Citeseer}
}

@inproceedings{10.1145/800230.806975,
  author = {Madhavji, N. H. and Wilson, I. R.},
  title = {Cray Pascal},
  year = {1982},
  isbn = {0897910745},
  publisher = {Association for Computing Machinery},
  address = {New York, NY, USA},
  url = {https://doi.org/10.1145/800230.806975},
  doi = {10.1145/800230.806975},
  abstract = {This paper presents an investigation of the design decisions taken in the implementation of a compiler for Pascal on the CRAY-1 computer. The structured nature of Pascal statements and data structures is contrasted with the 'powerful computing engine' nature of the CRAY-1 hardware. The accepted views of Pascal as a simple one-pass language and the CRAY-1 as a vector processor are laid aside in favour of a multi-pass approach, taking account of the machine's scalar capabilities. The project as a whole, aims to produce highly efficient run-time code for applications likely to be programmed in Pascal. Some statistics are given to indicate the nature of such applications.},
  booktitle = {Proceedings of the 1982 SIGPLAN Symposium on Compiler Construction},
  pages = {1–14},
  numpages = {14},
  keywords = {CRAY-1, Vector processors, Pascal, Compilation, Code optimisation},
  location = {Boston, Massachusetts, USA},
  series = {SIGPLAN '82}
}

@misc{Greif_Burel_2024, title={State of javascript 2024}, url={https://2024.stateofjs.com/en-US/features/#language_pain_points}, journal={State of JS}, publisher={Devographics}, author={Greif, Sacha and Burel, Eric}, year={2024}}

@misc{ACM, url={https://www.acm.org/publications/about-publications}, journal={Association for Computing Machinery}, publisher={Association for Computing Machinery}, author={Association for Computing Machinery}} 

@misc{IEEE, url={https://journals.ieeeauthorcenter.ieee.org/when-your-article-is-published/about-the-ieee-xplore-digital-library/}, journal={Institute of Electrical and Electronics Engineers}, publisher={Institute of Electrical and Electronics Engineers}, author={Institute of Electrical and Electronics Engineers}} 
